<?xml version="1.0" encoding="UTF-8"?><record xmlns="http://www.loc.gov/MARC21/slim" xmlns:cinclude="http://apache.org/cocoon/include/1.0" xmlns:zs="http://www.loc.gov/zing/srw/">
  <leader>01613cz  a2200313n  4500</leader>
  <controlfield tag="001">n  87915575 </controlfield>
  <controlfield tag="003">DLC</controlfield>
  <controlfield tag="005">20120322074751.0</controlfield>
  <controlfield tag="008">880222n| acannaabn          |b ana     c</controlfield>
  <datafield tag="010" ind1=" " ind2=" ">
    <subfield code="a">n  87915575 </subfield>
    <subfield code="z">nr2006030958</subfield>
  </datafield>
  <datafield tag="035" ind1=" " ind2=" ">
    <subfield code="a">(OCoLC)oca02208886</subfield>
  </datafield>
  <datafield tag="040" ind1=" " ind2=" ">
    <subfield code="a">ICRL</subfield>
    <subfield code="b">eng</subfield>
    <subfield code="c">DLC</subfield>
    <subfield code="d">DLC</subfield>
    <subfield code="d">OCoLC</subfield>
    <subfield code="d">DLC</subfield>
  </datafield>
  <datafield tag="110" ind1="2" ind2=" ">
    <subfield code="a">Kokusai Shūkyō Kenkyūjo (Japan)</subfield>
  </datafield>
  <datafield tag="410" ind1="2" ind2=" ">
    <subfield code="w">nnaa</subfield>
    <subfield code="a">Kokusai Shūkyō Kenkyūjo, Tokyo</subfield>
  </datafield>
  <datafield tag="410" ind1="2" ind2=" ">
    <subfield code="a">International Institute for the Study of Religions (Japan)</subfield>
  </datafield>
  <datafield tag="410" ind1="2" ind2=" ">
    <subfield code="a">I.I.S.R.</subfield>
  </datafield>
  <datafield tag="410" ind1="2" ind2=" ">
    <subfield code="a">IISR</subfield>
  </datafield>
  <datafield tag="410" ind1="2" ind2=" ">
    <subfield code="a">国際宗敎研究所 (Japan)</subfield>
  </datafield>
  <datafield tag="410" ind1="2" ind2=" ">
    <subfield code="a">国際宗敎硏究所 (Japan)</subfield>
  </datafield>
  <datafield tag="410" ind1="2" ind2=" ">
    <subfield code="a">国際宗教研究所 (Japan)</subfield>
  </datafield>
  <datafield tag="410" ind1="2" ind2=" ">
    <subfield code="a">國際宗敎硏究所 (Japan)</subfield>
  </datafield>
  <datafield tag="410" ind1="2" ind2=" ">
    <subfield code="a">國際宗教研究所 (Japan)</subfield>
  </datafield>
  <datafield tag="667" ind1=" " ind2=" ">
    <subfield code="a">Machine-derived non-Latin script reference project.</subfield>
  </datafield>
  <datafield tag="667" ind1=" " ind2=" ">
    <subfield code="a">Non-Latin script references not evaluated.</subfield>
  </datafield>
  <datafield tag="670" ind1=" " ind2=" ">
    <subfield code="a">Japanese journal of religious studies, Mar. 1975:</subfield>
    <subfield code="b">p. 2 of cover (International Institute of the Study of Religions, Inc.)</subfield>
  </datafield>
  <datafield tag="670" ind1=" " ind2=" ">
    <subfield code="a">LC in OCLC, 8-20-87</subfield>
    <subfield code="b">(Kokusai Shūkyō Kenkyūjo, Tokyo)</subfield>
  </datafield>
  <datafield tag="670" ind1=" " ind2=" ">
    <subfield code="a">Dantai meikan, 1965</subfield>
    <subfield code="b">(Kokusai Shūkyō Kenkyūjo; International Institute for the Study of Religions; I.I.S.R.; zaidan hōjin [foundation]; loc. Tokyo; est. 1954); 1980, 1985/1986 (name not listed)</subfield>
  </datafield>
  <datafield tag="670" ind1=" " ind2=" ">
    <subfield code="a">Kokusai Shūkyō Kenkyūjo kiyō, Apr. 1959:</subfield>
    <subfield code="b">t.p. (also International Institute for the Study of Religions) colophon (zaidan hōjin); July 1955-Dec. 1956 (also International Institute for the Study of Religions in Japan)</subfield>
  </datafield>
  <datafield tag="670" ind1=" " ind2=" ">
    <subfield code="a">Tokyo tel. dir., 1980</subfield>
    <subfield code="b">(Kokusai Shūkyō Kenkyūjo)</subfield>
  </datafield>
</record>